+------------------------------------------------------------------------------+
|                               Main-BibTex                                    |
+------------------------------------------------------------------------------+

Outside of a bibtex entry is a comment...

+------------------------------------------------------------------------------+

@misc{examplebibentry,
    author = "example",
    title = "example",
    month = "01",
    year = {1970},
    url = {http://example.com},
}

